<?xml version="1.0" encoding="UTF-8"?><record xmlns="http://www.loc.gov/MARC21/slim" xmlns:cinclude="http://apache.org/cocoon/include/1.0" xmlns:zs="http://www.loc.gov/zing/srw/">
  <leader>00471nz  a2200133n  4500</leader>
  <controlfield tag="001">no2012013399</controlfield>
  <controlfield tag="003">DLC</controlfield>
  <controlfield tag="005">20120201075314.0</controlfield>
  <controlfield tag="008">120130n| acannaabn          |n ana     c</controlfield>
  <datafield tag="010" ind1=" " ind2=" ">
    <subfield code="a">no2012013399</subfield>
  </datafield>
  <datafield tag="035" ind1=" " ind2=" ">
    <subfield code="a">(OCoLC)oca09100284</subfield>
  </datafield>
  <datafield tag="040" ind1=" " ind2=" ">
    <subfield code="a">Nc</subfield>
    <subfield code="b">eng</subfield>
    <subfield code="c">Nc</subfield>
  </datafield>
  <datafield tag="110" ind1="2" ind2=" ">
    <subfield code="a">Methodist Episcopal Church, South.</subfield>
    <subfield code="b">North Carolina Conference.</subfield>
    <subfield code="b">Lenoir Circuit</subfield>
  </datafield>
  <datafield tag="670" ind1=" " ind2=" ">
    <subfield code="a">Directory of Lenoir Circuit, 1889:</subfield>
    <subfield code="b">t.p. (Lenoir Circuit, North Carolina Conference, Methodist Episcopal Church South)</subfield>
  </datafield>
</record>